@misc{deim:Suzuki2023,
  author       = {鈴木, 駿也 and 杉浦, 健人 and 石川, 佳治 and 陸, 可鏡},
  title        = {Adaptive Radix Tree の多次元索引への拡張},
  howpublished = {第15回データ工学と情報マネジメントに関するフォーラム（DEIM2023），2A-2},
  year         = {2023}
}

@book{book:Kitagawa1996,
  author    = {北川, 博之},
  title     = {データベースシステム},
  publisher = {昭晃堂},
  year      = {1996}
}

@inproceedings{wwca:Bayer1997,
  author    = {Bayer, Rudolf},
  title     = {The universal {B}-tree for multidimensional indexing: General concepts},
  booktitle = {Proc. Worldwide Comput. Appl. (WWCA)},
  year      = {1997},
  pages     = {198--209}
}

@inproceedings{icde:Leis2013,
  author    = {Leis, Viktor and Kemper, Alfons and Neumann, Thomas},
  title     = {The adaptive radix tree: {ARTful} indexing for main-memory databases},
  booktitle = {Proc. ICDE},
  year      = {2013},
  pages     = {38--49}
}

@inproceedings{sigmod:Beckmann1990,
  author    = {Beckmann, Norbert and Kriegel, Hans-Peter and Schneider, Ralf and Seeger, Bernhard},
  title     = {The {R}*-Tree: An Efficient and Robust Access Method for Points and Rectangles},
  booktitle = {Proc. SIGMOD},
  year      = {1990},
  pages     = {322--331}
}


@article{acm:Gaede1998,
  author    = {Gaede, Volker and Günther, Oliver},
  title     = {Multidimensional access methods},
  journal   = {ACM Comput. Surv.},
  number    = {2},
  volume    = {30},
  pages     = {170--231},
  year      = {1998},
  publisher = {Association for Computing Machinery}
}
